%YAML 1.1
%TAG !u! tag:unity3d.com,2011:
--- !u!1 &1169375966168662440
GameObject:
  m_ObjectHideFlags: 0
  m_CorrespondingSourceObject: {fileID: 0}
  m_PrefabInstance: {fileID: 0}
  m_PrefabAsset: {fileID: 0}
  serializedVersion: 6
  m_Component:
  - component: {fileID: 1978037480280826748}
  - component: {fileID: 8636817039568928132}
  m_Layer: 0
  m_Name: Leg Left
  m_TagString: Untagged
  m_Icon: {fileID: 0}
  m_NavMeshLayer: 0
  m_StaticEditorFlags: 0
  m_IsActive: 1
--- !u!4 &1978037480280826748
Transform:
  m_ObjectHideFlags: 0
  m_CorrespondingSourceObject: {fileID: 0}
  m_PrefabInstance: {fileID: 0}
  m_PrefabAsset: {fileID: 0}
  m_GameObject: {fileID: 1169375966168662440}
  m_LocalRotation: {x: -0, y: -0, z: -0.003860074, w: 0.99999255}
  m_LocalPosition: {x: -0.215, y: -0.274, z: -0.062494062}
  m_LocalScale: {x: 1, y: 1, z: 1}
  m_ConstrainProportionsScale: 0
  m_Children: []
  m_Father: {fileID: 4810562328328946270}
  m_RootOrder: 1
  m_LocalEulerAnglesHint: {x: 0, y: 0, z: -0.442}
--- !u!212 &8636817039568928132
SpriteRenderer:
  m_ObjectHideFlags: 0
  m_CorrespondingSourceObject: {fileID: 0}
  m_PrefabInstance: {fileID: 0}
  m_PrefabAsset: {fileID: 0}
  m_GameObject: {fileID: 1169375966168662440}
  m_Enabled: 1
  m_CastShadows: 0
  m_ReceiveShadows: 0
  m_DynamicOccludee: 1
  m_StaticShadowCaster: 0
  m_MotionVectors: 1
  m_LightProbeUsage: 1
  m_ReflectionProbeUsage: 1
  m_RayTracingMode: 0
  m_RayTraceProcedural: 0
  m_RenderingLayerMask: 1
  m_RendererPriority: 0
  m_Materials:
  - {fileID: 10754, guid: 0000000000000000f000000000000000, type: 0}
  m_StaticBatchInfo:
    firstSubMesh: 0
    subMeshCount: 0
  m_StaticBatchRoot: {fileID: 0}
  m_ProbeAnchor: {fileID: 0}
  m_LightProbeVolumeOverride: {fileID: 0}
  m_ScaleInLightmap: 1
  m_ReceiveGI: 1
  m_PreserveUVs: 0
  m_IgnoreNormalsForChartDetection: 0
  m_ImportantGI: 0
  m_StitchLightmapSeams: 1
  m_SelectedEditorRenderState: 0
  m_MinimumChartSize: 4
  m_AutoUVMaxDistance: 0.5
  m_AutoUVMaxAngle: 89
  m_LightmapParameters: {fileID: 0}
  m_SortingLayerID: 1023839407
  m_SortingLayer: 12
  m_SortingOrder: -1
  m_Sprite: {fileID: 879343316, guid: 0c1e734fa85636743af3bc22c6d99ba8, type: 3}
  m_Color: {r: 1, g: 1, b: 1, a: 1}
  m_FlipX: 1
  m_FlipY: 0
  m_DrawMode: 0
  m_Size: {x: 0.62, y: 0.63}
  m_AdaptiveModeThreshold: 0.5
  m_SpriteTileMode: 0
  m_WasSpriteAssigned: 1
  m_MaskInteraction: 0
  m_SpriteSortPoint: 0
--- !u!1 &8199940637887189014
GameObject:
  m_ObjectHideFlags: 0
  m_CorrespondingSourceObject: {fileID: 0}
  m_PrefabInstance: {fileID: 0}
  m_PrefabAsset: {fileID: 0}
  serializedVersion: 6
  m_Component:
  - component: {fileID: 3665386122371378496}
  - component: {fileID: 945400542661071773}
  m_Layer: 0
  m_Name: Leg Right
  m_TagString: Untagged
  m_Icon: {fileID: 0}
  m_NavMeshLayer: 0
  m_StaticEditorFlags: 0
  m_IsActive: 1
--- !u!4 &3665386122371378496
Transform:
  m_ObjectHideFlags: 0
  m_CorrespondingSourceObject: {fileID: 0}
  m_PrefabInstance: {fileID: 0}
  m_PrefabAsset: {fileID: 0}
  m_GameObject: {fileID: 8199940637887189014}
  m_LocalRotation: {x: 0, y: 0, z: 0, w: 1}
  m_LocalPosition: {x: 0.253, y: -0.274, z: 0}
  m_LocalScale: {x: 1, y: 1, z: 1}
  m_ConstrainProportionsScale: 0
  m_Children: []
  m_Father: {fileID: 4810562328328946270}
  m_RootOrder: 2
  m_LocalEulerAnglesHint: {x: 0, y: 0, z: 0}
--- !u!212 &945400542661071773
SpriteRenderer:
  m_ObjectHideFlags: 0
  m_CorrespondingSourceObject: {fileID: 0}
  m_PrefabInstance: {fileID: 0}
  m_PrefabAsset: {fileID: 0}
  m_GameObject: {fileID: 8199940637887189014}
  m_Enabled: 1
  m_CastShadows: 0
  m_ReceiveShadows: 0
  m_DynamicOccludee: 1
  m_StaticShadowCaster: 0
  m_MotionVectors: 1
  m_LightProbeUsage: 1
  m_ReflectionProbeUsage: 1
  m_RayTracingMode: 0
  m_RayTraceProcedural: 0
  m_RenderingLayerMask: 1
  m_RendererPriority: 0
  m_Materials:
  - {fileID: 10754, guid: 0000000000000000f000000000000000, type: 0}
  m_StaticBatchInfo:
    firstSubMesh: 0
    subMeshCount: 0
  m_StaticBatchRoot: {fileID: 0}
  m_ProbeAnchor: {fileID: 0}
  m_LightProbeVolumeOverride: {fileID: 0}
  m_ScaleInLightmap: 1
  m_ReceiveGI: 1
  m_PreserveUVs: 0
  m_IgnoreNormalsForChartDetection: 0
  m_ImportantGI: 0
  m_StitchLightmapSeams: 1
  m_SelectedEditorRenderState: 0
  m_MinimumChartSize: 4
  m_AutoUVMaxDistance: 0.5
  m_AutoUVMaxAngle: 89
  m_LightmapParameters: {fileID: 0}
  m_SortingLayerID: 1023839407
  m_SortingLayer: 12
  m_SortingOrder: -1
  m_Sprite: {fileID: 879343316, guid: 0c1e734fa85636743af3bc22c6d99ba8, type: 3}
  m_Color: {r: 1, g: 1, b: 1, a: 1}
  m_FlipX: 0
  m_FlipY: 0
  m_DrawMode: 0
  m_Size: {x: 0.7, y: 0.62}
  m_AdaptiveModeThreshold: 0.5
  m_SpriteTileMode: 0
  m_WasSpriteAssigned: 1
  m_MaskInteraction: 0
  m_SpriteSortPoint: 0
--- !u!1 &8991180829446600578
GameObject:
  m_ObjectHideFlags: 0
  m_CorrespondingSourceObject: {fileID: 0}
  m_PrefabInstance: {fileID: 0}
  m_PrefabAsset: {fileID: 0}
  serializedVersion: 6
  m_Component:
  - component: {fileID: 794432994412832945}
  - component: {fileID: 3020323081708174863}
  m_Layer: 0
  m_Name: Body
  m_TagString: Untagged
  m_Icon: {fileID: 0}
  m_NavMeshLayer: 0
  m_StaticEditorFlags: 0
  m_IsActive: 1
--- !u!4 &794432994412832945
Transform:
  m_ObjectHideFlags: 0
  m_CorrespondingSourceObject: {fileID: 0}
  m_PrefabInstance: {fileID: 0}
  m_PrefabAsset: {fileID: 0}
  m_GameObject: {fileID: 8991180829446600578}
  m_LocalRotation: {x: -0, y: -0, z: -0, w: 1}
  m_LocalPosition: {x: 0.05199957, y: -0.23500061, z: -0.062494062}
  m_LocalScale: {x: 1, y: 1, z: 1}
  m_ConstrainProportionsScale: 0
  m_Children: []
  m_Father: {fileID: 4810562328328946270}
  m_RootOrder: 0
  m_LocalEulerAnglesHint: {x: 0, y: 0, z: 0}
--- !u!212 &3020323081708174863
SpriteRenderer:
  m_ObjectHideFlags: 0
  m_CorrespondingSourceObject: {fileID: 0}
  m_PrefabInstance: {fileID: 0}
  m_PrefabAsset: {fileID: 0}
  m_GameObject: {fileID: 8991180829446600578}
  m_Enabled: 1
  m_CastShadows: 0
  m_ReceiveShadows: 0
  m_DynamicOccludee: 1
  m_StaticShadowCaster: 0
  m_MotionVectors: 1
  m_LightProbeUsage: 1
  m_ReflectionProbeUsage: 1
  m_RayTracingMode: 0
  m_RayTraceProcedural: 0
  m_RenderingLayerMask: 1
  m_RendererPriority: 0
  m_Materials:
  - {fileID: 10754, guid: 0000000000000000f000000000000000, type: 0}
  m_StaticBatchInfo:
    firstSubMesh: 0
    subMeshCount: 0
  m_StaticBatchRoot: {fileID: 0}
  m_ProbeAnchor: {fileID: 0}
  m_LightProbeVolumeOverride: {fileID: 0}
  m_ScaleInLightmap: 1
  m_ReceiveGI: 1
  m_PreserveUVs: 0
  m_IgnoreNormalsForChartDetection: 0
  m_ImportantGI: 0
  m_StitchLightmapSeams: 1
  m_SelectedEditorRenderState: 0
  m_MinimumChartSize: 4
  m_AutoUVMaxDistance: 0.5
  m_AutoUVMaxAngle: 89
  m_LightmapParameters: {fileID: 0}
  m_SortingLayerID: 1023839407
  m_SortingLayer: 12
  m_SortingOrder: 0
  m_Sprite: {fileID: -599786052, guid: 0c1e734fa85636743af3bc22c6d99ba8, type: 3}
  m_Color: {r: 1, g: 1, b: 1, a: 1}
  m_FlipX: 0
  m_FlipY: 0
  m_DrawMode: 0
  m_Size: {x: 1.97, y: 2.31}
  m_AdaptiveModeThreshold: 0.5
  m_SpriteTileMode: 0
  m_WasSpriteAssigned: 1
  m_MaskInteraction: 0
  m_SpriteSortPoint: 0
--- !u!1001 &5383085472969374391
PrefabInstance:
  m_ObjectHideFlags: 0
  serializedVersion: 2
  m_Modification:
    m_TransformParent: {fileID: 0}
    m_Modifications:
    - target: {fileID: 609678393336396009, guid: 884a2580c6f4ff54b959a82e67983287, type: 3}
      propertyPath: m_RootOrder
      value: 0
      objectReference: {fileID: 0}
    - target: {fileID: 609678393336396009, guid: 884a2580c6f4ff54b959a82e67983287, type: 3}
      propertyPath: m_LocalPosition.x
      value: 0
      objectReference: {fileID: 0}
    - target: {fileID: 609678393336396009, guid: 884a2580c6f4ff54b959a82e67983287, type: 3}
      propertyPath: m_LocalPosition.y
      value: 0
      objectReference: {fileID: 0}
    - target: {fileID: 609678393336396009, guid: 884a2580c6f4ff54b959a82e67983287, type: 3}
      propertyPath: m_LocalPosition.z
      value: 0
      objectReference: {fileID: 0}
    - target: {fileID: 609678393336396009, guid: 884a2580c6f4ff54b959a82e67983287, type: 3}
      propertyPath: m_LocalRotation.w
      value: 1
      objectReference: {fileID: 0}
    - target: {fileID: 609678393336396009, guid: 884a2580c6f4ff54b959a82e67983287, type: 3}
      propertyPath: m_LocalRotation.x
      value: -0
      objectReference: {fileID: 0}
    - target: {fileID: 609678393336396009, guid: 884a2580c6f4ff54b959a82e67983287, type: 3}
      propertyPath: m_LocalRotation.y
      value: -0
      objectReference: {fileID: 0}
    - target: {fileID: 609678393336396009, guid: 884a2580c6f4ff54b959a82e67983287, type: 3}
      propertyPath: m_LocalRotation.z
      value: -0
      objectReference: {fileID: 0}
    - target: {fileID: 609678393336396009, guid: 884a2580c6f4ff54b959a82e67983287, type: 3}
      propertyPath: m_LocalEulerAnglesHint.x
      value: 0
      objectReference: {fileID: 0}
    - target: {fileID: 609678393336396009, guid: 884a2580c6f4ff54b959a82e67983287, type: 3}
      propertyPath: m_LocalEulerAnglesHint.y
      value: 0
      objectReference: {fileID: 0}
    - target: {fileID: 609678393336396009, guid: 884a2580c6f4ff54b959a82e67983287, type: 3}
      propertyPath: m_LocalEulerAnglesHint.z
      value: 0
      objectReference: {fileID: 0}
    - target: {fileID: 1276573491323429211, guid: 884a2580c6f4ff54b959a82e67983287, type: 3}
      propertyPath: m_Name
      value: BigPlayer
      objectReference: {fileID: 0}
    - target: {fileID: 1581302432410585203, guid: 884a2580c6f4ff54b959a82e67983287, type: 3}
      propertyPath: m_Controller
      value: 
      objectReference: {fileID: 9100000, guid: e91ea372c62326640ad4e128992a6d36, type: 2}
    - target: {fileID: 7280157978772931870, guid: 884a2580c6f4ff54b959a82e67983287, type: 3}
      propertyPath: m_Points.m_Paths.Array.data[0].Array.size
      value: 22
      objectReference: {fileID: 0}
    - target: {fileID: 7280157978772931870, guid: 884a2580c6f4ff54b959a82e67983287, type: 3}
      propertyPath: m_Points.m_Paths.Array.data[0].Array.data[0].x
      value: 0.49188423
      objectReference: {fileID: 0}
    - target: {fileID: 7280157978772931870, guid: 884a2580c6f4ff54b959a82e67983287, type: 3}
      propertyPath: m_Points.m_Paths.Array.data[0].Array.data[0].y
      value: 0.19234681
      objectReference: {fileID: 0}
    - target: {fileID: 7280157978772931870, guid: 884a2580c6f4ff54b959a82e67983287, type: 3}
      propertyPath: m_Points.m_Paths.Array.data[0].Array.data[1].x
      value: 0.4406023
      objectReference: {fileID: 0}
    - target: {fileID: 7280157978772931870, guid: 884a2580c6f4ff54b959a82e67983287, type: 3}
      propertyPath: m_Points.m_Paths.Array.data[0].Array.data[1].y
      value: 0.8822334
      objectReference: {fileID: 0}
    - target: {fileID: 7280157978772931870, guid: 884a2580c6f4ff54b959a82e67983287, type: 3}
      propertyPath: m_Points.m_Paths.Array.data[0].Array.data[2].x
      value: 0.42457294
      objectReference: {fileID: 0}
    - target: {fileID: 7280157978772931870, guid: 884a2580c6f4ff54b959a82e67983287, type: 3}
      propertyPath: m_Points.m_Paths.Array.data[0].Array.data[2].y
      value: 1.1672649
      objectReference: {fileID: 0}
    - target: {fileID: 7280157978772931870, guid: 884a2580c6f4ff54b959a82e67983287, type: 3}
      propertyPath: m_Points.m_Paths.Array.data[0].Array.data[3].x
      value: 0.30049133
      objectReference: {fileID: 0}
    - target: {fileID: 7280157978772931870, guid: 884a2580c6f4ff54b959a82e67983287, type: 3}
      propertyPath: m_Points.m_Paths.Array.data[0].Array.data[3].y
      value: 1.3792179
      objectReference: {fileID: 0}
    - target: {fileID: 7280157978772931870, guid: 884a2580c6f4ff54b959a82e67983287, type: 3}
      propertyPath: m_Points.m_Paths.Array.data[0].Array.data[4].x
      value: 0.19311619
      objectReference: {fileID: 0}
    - target: {fileID: 7280157978772931870, guid: 884a2580c6f4ff54b959a82e67983287, type: 3}
      propertyPath: m_Points.m_Paths.Array.data[0].Array.data[4].y
      value: 1.3777825
      objectReference: {fileID: 0}
    - target: {fileID: 7280157978772931870, guid: 884a2580c6f4ff54b959a82e67983287, type: 3}
      propertyPath: m_Points.m_Paths.Array.data[0].Array.data[5].x
      value: 0.15625572
      objectReference: {fileID: 0}
    - target: {fileID: 7280157978772931870, guid: 884a2580c6f4ff54b959a82e67983287, type: 3}
      propertyPath: m_Points.m_Paths.Array.data[0].Array.data[5].y
      value: 1.3938905
      objectReference: {fileID: 0}
    - target: {fileID: 7280157978772931870, guid: 884a2580c6f4ff54b959a82e67983287, type: 3}
      propertyPath: m_Points.m_Paths.Array.data[0].Array.data[6].x
      value: 0.096476555
      objectReference: {fileID: 0}
    - target: {fileID: 7280157978772931870, guid: 884a2580c6f4ff54b959a82e67983287, type: 3}
      propertyPath: m_Points.m_Paths.Array.data[0].Array.data[6].y
      value: 1.3951595
      objectReference: {fileID: 0}
    - target: {fileID: 7280157978772931870, guid: 884a2580c6f4ff54b959a82e67983287, type: 3}
      propertyPath: m_Points.m_Paths.Array.data[0].Array.data[7].x
      value: -0.19278717
      objectReference: {fileID: 0}
    - target: {fileID: 7280157978772931870, guid: 884a2580c6f4ff54b959a82e67983287, type: 3}
      propertyPath: m_Points.m_Paths.Array.data[0].Array.data[7].y
      value: 1.2612847
      objectReference: {fileID: 0}
    - target: {fileID: 7280157978772931870, guid: 884a2580c6f4ff54b959a82e67983287, type: 3}
      propertyPath: m_Points.m_Paths.Array.data[0].Array.data[8].x
      value: -0.13198948
      objectReference: {fileID: 0}
    - target: {fileID: 7280157978772931870, guid: 884a2580c6f4ff54b959a82e67983287, type: 3}
      propertyPath: m_Points.m_Paths.Array.data[0].Array.data[8].y
      value: 1.0869117
      objectReference: {fileID: 0}
    - target: {fileID: 7280157978772931870, guid: 884a2580c6f4ff54b959a82e67983287, type: 3}
      propertyPath: m_Points.m_Paths.Array.data[0].Array.data[9].x
      value: -0.1468668
      objectReference: {fileID: 0}
    - target: {fileID: 7280157978772931870, guid: 884a2580c6f4ff54b959a82e67983287, type: 3}
      propertyPath: m_Points.m_Paths.Array.data[0].Array.data[9].y
      value: 0.9781029
      objectReference: {fileID: 0}
    - target: {fileID: 7280157978772931870, guid: 884a2580c6f4ff54b959a82e67983287, type: 3}
      propertyPath: m_Points.m_Paths.Array.data[0].Array.data[10].x
      value: -0.23529911
      objectReference: {fileID: 0}
    - target: {fileID: 7280157978772931870, guid: 884a2580c6f4ff54b959a82e67983287, type: 3}
      propertyPath: m_Points.m_Paths.Array.data[0].Array.data[10].y
      value: 0.83853185
      objectReference: {fileID: 0}
    - target: {fileID: 7280157978772931870, guid: 884a2580c6f4ff54b959a82e67983287, type: 3}
      propertyPath: m_Points.m_Paths.Array.data[0].Array.data[11].x
      value: -0.31598473
      objectReference: {fileID: 0}
    - target: {fileID: 7280157978772931870, guid: 884a2580c6f4ff54b959a82e67983287, type: 3}
      propertyPath: m_Points.m_Paths.Array.data[0].Array.data[11].y
      value: 0.58385086
      objectReference: {fileID: 0}
    - target: {fileID: 7280157978772931870, guid: 884a2580c6f4ff54b959a82e67983287, type: 3}
      propertyPath: m_Points.m_Paths.Array.data[0].Array.data[12].x
      value: -0.35465622
      objectReference: {fileID: 0}
    - target: {fileID: 7280157978772931870, guid: 884a2580c6f4ff54b959a82e67983287, type: 3}
      propertyPath: m_Points.m_Paths.Array.data[0].Array.data[12].y
      value: 0.38818288
      objectReference: {fileID: 0}
    - target: {fileID: 7280157978772931870, guid: 884a2580c6f4ff54b959a82e67983287, type: 3}
      propertyPath: m_Points.m_Paths.Array.data[0].Array.data[13].x
      value: -0.3474999
      objectReference: {fileID: 0}
    - target: {fileID: 7280157978772931870, guid: 884a2580c6f4ff54b959a82e67983287, type: 3}
      propertyPath: m_Points.m_Paths.Array.data[0].Array.data[13].y
      value: 0.23852518
      objectReference: {fileID: 0}
    - target: {fileID: 7280157978772931870, guid: 884a2580c6f4ff54b959a82e67983287, type: 3}
      propertyPath: m_Points.m_Paths.Array.data[0].Array.data[14].x
      value: -0.38068676
      objectReference: {fileID: 0}
    - target: {fileID: 7280157978772931870, guid: 884a2580c6f4ff54b959a82e67983287, type: 3}
      propertyPath: m_Points.m_Paths.Array.data[0].Array.data[14].y
      value: 0.025871515
      objectReference: {fileID: 0}
    - target: {fileID: 7280157978772931870, guid: 884a2580c6f4ff54b959a82e67983287, type: 3}
      propertyPath: m_Points.m_Paths.Array.data[0].Array.data[15].x
      value: -0.38359833
      objectReference: {fileID: 0}
    - target: {fileID: 7280157978772931870, guid: 884a2580c6f4ff54b959a82e67983287, type: 3}
      propertyPath: m_Points.m_Paths.Array.data[0].Array.data[15].y
      value: -0.18209195
      objectReference: {fileID: 0}
    - target: {fileID: 7280157978772931870, guid: 884a2580c6f4ff54b959a82e67983287, type: 3}
      propertyPath: m_Points.m_Paths.Array.data[0].Array.data[16].x
      value: -0.3104729
      objectReference: {fileID: 0}
    - target: {fileID: 7280157978772931870, guid: 884a2580c6f4ff54b959a82e67983287, type: 3}
      propertyPath: m_Points.m_Paths.Array.data[0].Array.data[16].y
      value: -0.3296677
      objectReference: {fileID: 0}
    - target: {fileID: 7280157978772931870, guid: 884a2580c6f4ff54b959a82e67983287, type: 3}
      propertyPath: m_Points.m_Paths.Array.data[0].Array.data[17].x
      value: -0.2470684
      objectReference: {fileID: 0}
    - target: {fileID: 7280157978772931870, guid: 884a2580c6f4ff54b959a82e67983287, type: 3}
      propertyPath: m_Points.m_Paths.Array.data[0].Array.data[17].y
      value: -0.5430412
      objectReference: {fileID: 0}
    - target: {fileID: 7280157978772931870, guid: 884a2580c6f4ff54b959a82e67983287, type: 3}
      propertyPath: m_Points.m_Paths.Array.data[0].Array.data[18].x
      value: 0.31735516
      objectReference: {fileID: 0}
    - target: {fileID: 7280157978772931870, guid: 884a2580c6f4ff54b959a82e67983287, type: 3}
      propertyPath: m_Points.m_Paths.Array.data[0].Array.data[18].y
      value: -0.5645187
      objectReference: {fileID: 0}
    - target: {fileID: 7280157978772931870, guid: 884a2580c6f4ff54b959a82e67983287, type: 3}
      propertyPath: m_Points.m_Paths.Array.data[0].Array.data[19].x
      value: 0.35096264
      objectReference: {fileID: 0}
    - target: {fileID: 7280157978772931870, guid: 884a2580c6f4ff54b959a82e67983287, type: 3}
      propertyPath: m_Points.m_Paths.Array.data[0].Array.data[19].y
      value: -0.34778118
      objectReference: {fileID: 0}
    - target: {fileID: 7280157978772931870, guid: 884a2580c6f4ff54b959a82e67983287, type: 3}
      propertyPath: m_Points.m_Paths.Array.data[0].Array.data[20].x
      value: 0.43631327
      objectReference: {fileID: 0}
    - target: {fileID: 7280157978772931870, guid: 884a2580c6f4ff54b959a82e67983287, type: 3}
      propertyPath: m_Points.m_Paths.Array.data[0].Array.data[20].y
      value: -0.12426329
      objectReference: {fileID: 0}
    - target: {fileID: 7280157978772931870, guid: 884a2580c6f4ff54b959a82e67983287, type: 3}
      propertyPath: m_Points.m_Paths.Array.data[0].Array.data[21].x
      value: 0.46159077
      objectReference: {fileID: 0}
    - target: {fileID: 7280157978772931870, guid: 884a2580c6f4ff54b959a82e67983287, type: 3}
      propertyPath: m_Points.m_Paths.Array.data[0].Array.data[21].y
      value: -0.02370435
      objectReference: {fileID: 0}
    - target: {fileID: 7634399215573142453, guid: 884a2580c6f4ff54b959a82e67983287, type: 3}
      propertyPath: m_DefaultActionMap
      value: b51e8eab-f3e5-4c1c-a88d-30c44e5556ed
      objectReference: {fileID: 0}
    - target: {fileID: 9195202581493180279, guid: 884a2580c6f4ff54b959a82e67983287, type: 3}
      propertyPath: speed
      value: 5
      objectReference: {fileID: 0}
    - target: {fileID: 9195202581493180279, guid: 884a2580c6f4ff54b959a82e67983287, type: 3}
      propertyPath: canCarry
      value: 1
      objectReference: {fileID: 0}
    - target: {fileID: 9195202581493180279, guid: 884a2580c6f4ff54b959a82e67983287, type: 3}
      propertyPath: jumpForce
      value: 8
      objectReference: {fileID: 0}
    - target: {fileID: 9195202581493180279, guid: 884a2580c6f4ff54b959a82e67983287, type: 3}
      propertyPath: groundDistance
      value: 0.3
      objectReference: {fileID: 0}
    m_RemovedComponents: []
  m_SourcePrefab: {fileID: 100100000, guid: 884a2580c6f4ff54b959a82e67983287, type: 3}
--- !u!4 &4810562328328946270 stripped
Transform:
  m_CorrespondingSourceObject: {fileID: 609678393336396009, guid: 884a2580c6f4ff54b959a82e67983287, type: 3}
  m_PrefabInstance: {fileID: 5383085472969374391}
  m_PrefabAsset: {fileID: 0}
